@inproceedings{z-ranking,
author = {Kremenek, Ted and Engler, Dawson},
year = {2003},
month = {06},
pages = {295-315},
title = {Z-Ranking: Using Statistical Analysis to Counter the Impact of Static Analysis Approximations},
volume = {2694},
doi = {10.1007/3-540-44898-5_16}
}

@article{correlation_exploitation,
author = {Kremenek, Ted and Ashcraft, Ken and Yang, Junfeng and Engler, Dawson},
year = {2004},
month = {09},
pages = {},
title = {Correlation Exploitation in Error Ranking},
volume = {29},
journal = {ACM SIGSOFT Software Engineering Notes},
doi = {10.1145/1041685.1029909}
}

@inproceedings{actionable_sa,
author = {Ruthruff, Joe and Penix, John and Morgenthaler, J. and Elbaum, S. and Rothermel, Gregg},
year = {2008},
month = {01},
pages = {341-350},
title = {Predicting Accurate and Actionable Static Analysis Warnings: An Experimental Approach}
}

@inproceedings{mining_metrics,
author = {Nagappan, Nachiappan and Ball, Thomas and Zeller, Andreas},
year = {2006},
month = {01},
pages = {452-461},
title = {Mining metrics to predict component failures},
volume = {2006},
journal = {Proceedings - International Conference on Software Engineering},
doi = {10.1145/1134349}
}

@article{static_profiling,
author = {Boogerd, Cathal and Moonen, Leon},
year = {2006},
month = {08},
pages = {},
title = {Prioritizing Software Inspection Results using Static Profiling},
doi = {10.1109/SCAM.2006.22}
}

@inproceedings{prediction_method,
author = {Giger, Emanuel and D'Ambros, Marco and Pinzger, Martin and Gall, Harald},
year = {2012},
month = {09},
pages = {171-180},
title = {Method-level bug prediction},
isbn = {978-1-4503-1056-7},
journal = {International Symposium on Empirical Software Engineering and Measurement},
doi = {10.1145/2372251.2372285}
}

@inproceedings{which_warnings,
author = {Kim, Sunghun and Ernst, Michael},
year = {2007},
month = {01},
pages = {45-54},
title = {Which warnings should I fix first?},
doi = {10.1145/1287624.1287633}
}

@inproceedings{predict_deeplearning,
author = {Wang, Song and Liu, Taiyue and Tan, Lin},
year = {2016},
month = {05},
pages = {297-308},
title = {Automatically learning semantic features for defect prediction},
doi = {10.1145/2884781.2884804}
}

@inproceedings{multiple_classification,
author = {Flynn, Lori and Snavely, William and Svoboda, David and VanHoudnos, Nathan and Qin, Richard and Burns, Jennifer and Zubrow, David and Stoddard, Robert and Marce-Santurio, Guillermo},
year = {2018},
month = {05},
pages = {13-20},
title = {Prioritizing alerts from multiple static analysis tools, using classification models},
doi = {10.1145/3194095.3194100}
}

@inproceedings{multiple_ensemble,
author = {Ribeiro, Athos and Meirelles, Paulo and Lago, Nelson and Kon, Fabio},
year = {2019},
month = {08},
pages = {1-10},
title = {Ranking warnings from multiple source code static analyzers via ensemble learning},
isbn = {978-1-4503-6319-8},
doi = {10.1145/3306446.3340828}
}

@article{literature_actionable,
author = {Heckman, Sarah and Williams, Laurie},
year = {2011},
month = {04},
pages = {363-387},
title = {A systematic literature review of actionable alert identification techniques for automated static code analysis},
volume = {53},
journal = {Information and Software Technology},
doi = {10.1016/j.infsof.2010.12.007}
}

@INPROCEEDINGS{survey_approaches,
author={T. {Muske} and A. {Serebrenik}},
booktitle={2016 IEEE 16th International Working Conference on Source Code Analysis and Manipulation (SCAM)},
title={Survey of Approaches for Handling Static Analysis Alarms},
year={2016},
volume={},
number={},
pages={157-166},
keywords={program diagnostics;query processing;software tools;static analysis alarms handling;automated code anomalies detection;automated code defects detection;systematic literature search;keywords-based database search;snowballing;static analysis tools;Inspection;Databases;Data mining;Manuals;Systematics;Google;Software;Static Analysis Alarms;Handling of Alarms;Ranking of Alarms;False Positives Elimination;Snowballing},
doi={10.1109/SCAM.2016.25},
ISSN={2470-6892},
month={Oct},}

@inproceedings{analysis_sa_usage,
author = {Beller, Moritz and Bholanath, Radjino and Mcintosh, Shane and Zaidman, Andy},
year = {2016},
month = {03},
pages = {},
title = {Analyzing the State of Static Analysis: A Large-Scale Evaluation in Open Source Software},
doi = {10.1109/SANER.2016.105}
}

@inproceedings{how_act_sa,
author = {Imtiaz, Nasif and Murphy, Brendan and Williams, Laurie},
year = {2019},
month = {08},
pages = {},
title = {How Do Developers Act on Static Analysis Alerts? An Empirical Study of Coverity Usage}
}

@inproceedings{how_many_bugs,
author = {Habib, Andrew and Pradel, Michael},
year = {2018},
month = {09},
pages = {317-328},
title = {How many of all bugs do we find? a study of static bug detectors},
doi = {10.1145/3238147.3238213}
}

@article{sa_google,
author = {Sadowski, Caitlin and Aftandilian, Edward and Eagle, Alex and Miller-Cushon, Liam and Jaspan, Ciera},
year = {2018},
month = {03},
pages = {58-66},
title = {Lessons from building static analysis tools at Google},
volume = {61},
journal = {Communications of the ACM},
doi = {10.1145/3188720}
}

@inproceedings{alert_patterns,
 author = {Hanam, Quinn and Tan, Lin and Holmes, Reid and Lam, Patrick},
 title = {Finding Patterns in Static Analysis Alerts: Improving Actionable Alert Ranking},
 booktitle = {Proceedings of the 11th Working Conference on Mining Software Repositories},
 series = {MSR 2014},
 year = {2014},
 isbn = {978-1-4503-2863-0},
 location = {Hyderabad, India},
 pages = {152--161},
 numpages = {10},
 url = {http://doi.acm.org/10.1145/2597073.2597100},
 doi = {10.1145/2597073.2597100},
 acmid = {2597100},
 publisher = {ACM},
 address = {New York, NY, USA},
 keywords = {Static analysis, alert classification, alert patterns, bug detection, machine learning},
}

@inproceedings{dl_jit_prediction,
author = {Yang, Xinli and Lo, David and Xia, Xin and Zhang, Yun and Sun, Jianling},
year = {2015},
month = {08},
pages = {17-26},
title = {Deep Learning for Just-in-Time Defect Prediction},
doi = {10.1109/QRS.2015.14}
}

@article{incremental_sa,
author = {Venkatasubramanyam, Radhika and Gupta, Shrinath},
year = {2014},
month = {05},
pages = {},
title = {An automated approach to detect violations with high confidence in incremental code using a learning system},
isbn = {978-1-4503-2768-8},
journal = {36th International Conference on Software Engineering, ICSE Companion 2014 - Proceedings},
doi = {10.1145/2591062.2591123}
}

@inproceedings{model_building_actionable,
author = {Heckman, Sarah and Williams, Laurie},
year = {2009},
month = {04},
pages = {161-170},
title = {A Model Building Process for Identifying Actionable Static Analysis Alerts},
doi = {10.1109/ICST.2009.45}
}

@inproceedings{automatic_training_set,
author = {Liang, Guangtai and Wu, Ling and Wu, Qian and Wang, Qianxiang and Xie, Tao and Mei, Hong},
year = {2010},
month = {01},
pages = {93-102},
title = {Automatic construction of an effective training set for prioritizing static analysis warnings},
journal = {ASE'10 - Proceedings of the IEEE/ACM International Conference on Automated Software Engineering},
doi = {10.1145/1858996.1859013}
}

@inproceedings{clang_tidy,
title = {\href{https://clang.llvm.org/extra/clang-tidy/}{Clang Tidy}},
}

@inproceedings{clang_ast,
title = {\href{https://clang.llvm.org/docs/IntroductionToTheClangAST.html}{Clang AST}},
}

@article{pomegranate,
          title={Pomegranate: fast and flexible probabilistic modeling in python},
          author={Schreiber, Jacob},
          journal={Journal of Machine Learning Research},
          volume={18},
          number={164},
          pages={1--6},
          year={2018}
}

@article{imblearn,
author  = {Guillaume  Lema{{\^i}}tre and Fernando Nogueira and Christos K. Aridas},
title   = {Imbalanced-learn: A Python Toolbox to Tackle the Curse of Imbalanced Datasets in Machine Learning},
journal = {Journal of Machine Learning Research},
year    = {2017},
volume  = {18},
number  = {17},
pages   = {1-5},
url     = {http://jmlr.org/papers/v18/16-365.html}
}

@article{scikit-learn,
 title={Scikit-learn: Machine Learning in {P}ython},
 author={Pedregosa, F. and Varoquaux, G. and Gramfort, A. and Michel, V.
         and Thirion, B. and Grisel, O. and Blondel, M. and Prettenhofer, P.
         and Weiss, R. and Dubourg, V. and Vanderplas, J. and Passos, A. and
         Cournapeau, D. and Brucher, M. and Perrot, M. and Duchesnay, E.},
 journal={Journal of Machine Learning Research},
 volume={12},
 pages={2825--2830},
 year={2011}
}

@article{performance_method_bug,
title = "On the performance of method-level bug prediction: A negative result",
journal = "Journal of Systems and Software",
volume = "161",
pages = "110493",
year = "2020",
issn = "0164-1212",
doi = "https://doi.org/10.1016/j.jss.2019.110493",
url = "http://www.sciencedirect.com/science/article/pii/S0164121219302675",
author = "Luca Pascarella and Fabio Palomba and Alberto Bacchelli",
keywords = "Defect prediction, Empirical software engineering, Mining software repositories",
}